<?xml version="1.0" encoding="UTF-8"?><record xmlns="http://www.loc.gov/MARC21/slim" xmlns:cinclude="http://apache.org/cocoon/include/1.0" xmlns:zs="http://www.loc.gov/zing/srw/">
  <leader>00677cz  a2200157n  4500</leader>
  <controlfield tag="001">n  87120063 </controlfield>
  <controlfield tag="003">DLC</controlfield>
  <controlfield tag="005">20080412075647.0</controlfield>
  <controlfield tag="008">870817n| acannaabn          |a and      </controlfield>
  <datafield tag="010" ind1=" " ind2=" ">
    <subfield code="a">n  87120063 </subfield>
  </datafield>
  <datafield tag="035" ind1=" " ind2=" ">
    <subfield code="a">(OCoLC)oca01919364</subfield>
  </datafield>
  <datafield tag="040" ind1=" " ind2=" ">
    <subfield code="a">DLC</subfield>
    <subfield code="b">eng</subfield>
    <subfield code="c">DLC</subfield>
    <subfield code="d">OCoLC</subfield>
  </datafield>
  <datafield tag="110" ind1="2" ind2=" ">
    <subfield code="a">South East Michigan Coalition on Occupational Health and Safety</subfield>
  </datafield>
  <datafield tag="410" ind1="2" ind2=" ">
    <subfield code="a">South East Michigan Coalition on Safety and Health</subfield>
  </datafield>
  <datafield tag="667" ind1=" " ind2=" ">
    <subfield code="a">Variant "Safety and Health" in hdg. on CU rept. not explained.</subfield>
  </datafield>
  <datafield tag="670" ind1=" " ind2=" ">
    <subfield code="a">nuc87-81029: Occupational health and safety ... 1983?</subfield>
    <subfield code="b">(hdg. on CU rept.: South East Michigan Coalition on Safety and Health; usage: South East Michigan Coalition on Health and Safety)</subfield>
  </datafield>
</record>